<record><leader>00000cas a22000007a 4500</leader><controlfield tag="001">20213561</controlfield><controlfield tag="008">890818c19579999mouir ne      0    0eng d</controlfield><datafield ind1=" " ind2=" " tag="010"><subfield code="a">sn 89066740 </subfield></datafield><datafield ind1=" " ind2=" " tag="040"><subfield code="a">MQN</subfield><subfield code="b">eng</subfield><subfield code="c">MQN</subfield><subfield code="d">OCLCQ</subfield><subfield code="d">OCLCF</subfield><subfield code="d">OCLCO</subfield></datafield><datafield ind1="1" ind2=" " tag="029"><subfield code="a">AU@</subfield><subfield code="b">000051671256</subfield></datafield><datafield ind1=" " ind2=" " tag="042"><subfield code="a">msc</subfield></datafield><datafield ind1=" " ind2=" " tag="043"><subfield code="a">n-us-mo</subfield></datafield><datafield ind1="0" ind2=" " tag="130"><subfield code="a">St. Charles journal (Saint Charles, Mo. : 1957)</subfield></datafield><datafield ind1="1" ind2="0" tag="245"><subfield code="a">St. Charles journal.</subfield></datafield><datafield ind1="3" ind2="0" tag="246"><subfield code="a">Saint Charles journal</subfield></datafield><datafield ind1=" " ind2=" " tag="260"><subfield code="a">St. Charles, Mo. :</subfield><subfield code="b">Arthur M. Donnelly,</subfield><subfield code="c">1957-</subfield></datafield><datafield ind1=" " ind2=" " tag="300"><subfield code="a">v.</subfield></datafield><datafield ind1=" " ind2=" " tag="310"><subfield code="a">Triweekly,</subfield><subfield code="b">Apr. 11, 1974-</subfield></datafield><datafield ind1=" " ind2=" " tag="321"><subfield code="a">Weekly,</subfield><subfield code="b">Dec. 5, 1957-Sept. 26, 1968</subfield></datafield><datafield ind1=" " ind2=" " tag="321"><subfield code="a">Semiweekly,</subfield><subfield code="b">Sept. 30, 1968-Apr. 4, 1974</subfield></datafield><datafield ind1="0" ind2=" " tag="362"><subfield code="a">Vol. 1, no. 1 (Dec. 5, 1957)-</subfield></datafield><datafield ind1=" " ind2="0" tag="651"><subfield code="a">Saint Charles (Mo.)</subfield><subfield code="v">Newspapers.</subfield></datafield><datafield ind1=" " ind2="7" tag="655"><subfield code="a">Newspapers.</subfield><subfield code="2">fast</subfield><subfield code="0">(OCoLC)fst01423814</subfield></datafield><datafield ind1=" " ind2="7" tag="651"><subfield code="a">Missouri</subfield><subfield code="z">Saint Charles.</subfield><subfield code="2">fast</subfield><subfield code="0">(OCoLC)fst01229745</subfield></datafield><datafield ind1=" " ind2=" " tag="752"><subfield code="a">United States</subfield><subfield code="b">Missouri</subfield><subfield code="c">Saint Charles</subfield><subfield code="d">Saint Charles.</subfield></datafield></record>